<record><leader>00000cas a22000007a 4500</leader><controlfield tag="001">14978790</controlfield><controlfield tag="008">861216d18711871ksuwr ne      0    0eng d</controlfield><datafield ind1=" " ind2=" " tag="010"><subfield code="a">sn 86064068 </subfield></datafield><datafield ind1=" " ind2=" " tag="040"><subfield code="a">KSH</subfield><subfield code="b">eng</subfield><subfield code="c">KSH</subfield><subfield code="d">NPT</subfield><subfield code="d">OCLCQ</subfield></datafield><datafield ind1=" " ind2=" " tag="042"><subfield code="a">msc</subfield></datafield><datafield ind1="0" ind2=" " tag="130"><subfield code="a">Home journal (Salina, Kan.)</subfield></datafield><datafield ind1="1" ind2="4" tag="245"><subfield code="a">The home journal.</subfield></datafield><datafield ind1="3" ind2="0" tag="246"><subfield code="a">Saline County home journal</subfield></datafield><datafield ind1=" " ind2=" " tag="260"><subfield code="a">Salina, Kan. :</subfield><subfield code="b">W.H. Johnson &amp; M.D. Sampson,</subfield><subfield code="c">1871.</subfield></datafield><datafield ind1=" " ind2=" " tag="300"><subfield code="a">1 v. ;</subfield><subfield code="c">67 cm.</subfield></datafield><datafield ind1=" " ind2=" " tag="310"><subfield code="a">Weekly</subfield></datafield><datafield ind1="0" ind2=" " tag="362"><subfield code="a">Vol. 1, no. 1 (Feb. 16, 1871)-v. 1, no. 2 (Feb. 23, 1871).</subfield></datafield><datafield ind1=" " ind2=" " tag="500"><subfield code="a">Saline County appears in masthead ornament.</subfield></datafield><datafield ind1=" " ind2=" " tag="752"><subfield code="a">United States</subfield><subfield code="b">Kansas</subfield><subfield code="c">Saline</subfield><subfield code="d">Salina.</subfield></datafield><datafield ind1="0" ind2="0" tag="785"><subfield code="t">Saline County journal</subfield><subfield code="w">(DLC)sn 84027670</subfield></datafield></record>